%YAML 1.1
%TAG !u! tag:unity3d.com,2011:
--- !u!1 &7083733040677952457
GameObject:
  m_ObjectHideFlags: 0
  m_CorrespondingSourceObject: {fileID: 0}
  m_PrefabInstance: {fileID: 0}
  m_PrefabAsset: {fileID: 0}
  serializedVersion: 6
  m_Component:
  - component: {fileID: 5758770379911661900}
  - component: {fileID: 2648025817582336766}
  - component: {fileID: 1182594069161043746}
  - component: {fileID: 1467627978593001121}
  - component: {fileID: 4404459268508992040}
  - component: {fileID: 856546967498217446}
  - component: {fileID: 14965340313390665}
  - component: {fileID: 4802395171489084195}
  - component: {fileID: 1274901985969274262}
  m_Layer: 0
  m_Name: Teeny - 1 Star
  m_TagString: Untagged
  m_Icon: {fileID: 0}
  m_NavMeshLayer: 0
  m_StaticEditorFlags: 0
  m_IsActive: 1
--- !u!4 &5758770379911661900
Transform:
  m_ObjectHideFlags: 0
  m_CorrespondingSourceObject: {fileID: 0}
  m_PrefabInstance: {fileID: 0}
  m_PrefabAsset: {fileID: 0}
  m_GameObject: {fileID: 7083733040677952457}
  m_LocalRotation: {x: -0, y: -0, z: -0, w: 1}
  m_LocalPosition: {x: -45.70954, y: 1.5077815, z: 28.987093}
  m_LocalScale: {x: 1, y: 1, z: 1}
  m_ConstrainProportionsScale: 0
  m_Children:
  - {fileID: 8807600283507378525}
  m_Father: {fileID: 0}
  m_RootOrder: 0
  m_LocalEulerAnglesHint: {x: 0, y: 0, z: 0}
--- !u!114 &2648025817582336766
MonoBehaviour:
  m_ObjectHideFlags: 0
  m_CorrespondingSourceObject: {fileID: 0}
  m_PrefabInstance: {fileID: 0}
  m_PrefabAsset: {fileID: 0}
  m_GameObject: {fileID: 7083733040677952457}
  m_Enabled: 1
  m_EditorHideFlags: 0
  m_Script: {fileID: 11500000, guid: 6a20e0b9b13d82a499600ea94987c640, type: 3}
  m_Name: 
  m_EditorClassIdentifier: 
  _target: {fileID: 0}
--- !u!114 &1182594069161043746
MonoBehaviour:
  m_ObjectHideFlags: 0
  m_CorrespondingSourceObject: {fileID: 0}
  m_PrefabInstance: {fileID: 0}
  m_PrefabAsset: {fileID: 0}
  m_GameObject: {fileID: 7083733040677952457}
  m_Enabled: 1
  m_EditorHideFlags: 0
  m_Script: {fileID: 11500000, guid: 26501a8c9dc58d7498285032e0059303, type: 3}
  m_Name: 
  m_EditorClassIdentifier: 
  usingAnimations: 0
  _attackTriggerString: Attack 1
  _attacking: 0
  _readyToAttack: 0
  _projectileSpawnTransform: {fileID: 0}
--- !u!114 &1467627978593001121
MonoBehaviour:
  m_ObjectHideFlags: 0
  m_CorrespondingSourceObject: {fileID: 0}
  m_PrefabInstance: {fileID: 0}
  m_PrefabAsset: {fileID: 0}
  m_GameObject: {fileID: 7083733040677952457}
  m_Enabled: 1
  m_EditorHideFlags: 0
  m_Script: {fileID: 11500000, guid: 393c3a07acfea3d43b9b443db342a5d4, type: 3}
  m_Name: 
  m_EditorClassIdentifier: 
  usingAnimations: 0
  _movementBoolString: Moving
  _currentTile: {fileID: 0}
  _gridPosition: {x: 0, y: 0}
  _desiredPosition: {x: 0, y: 0, z: 0}
--- !u!114 &4404459268508992040
MonoBehaviour:
  m_ObjectHideFlags: 0
  m_CorrespondingSourceObject: {fileID: 0}
  m_PrefabInstance: {fileID: 0}
  m_PrefabAsset: {fileID: 0}
  m_GameObject: {fileID: 7083733040677952457}
  m_Enabled: 1
  m_EditorHideFlags: 0
  m_Script: {fileID: 11500000, guid: c984e4b33687f14488503eaaddc7046d, type: 3}
  m_Name: 
  m_EditorClassIdentifier: 
  _isDead: 0
  _isPlayer: 0
  _inCombat: 0
  _goldWorth: 0
--- !u!114 &856546967498217446
MonoBehaviour:
  m_ObjectHideFlags: 0
  m_CorrespondingSourceObject: {fileID: 0}
  m_PrefabInstance: {fileID: 0}
  m_PrefabAsset: {fileID: 0}
  m_GameObject: {fileID: 7083733040677952457}
  m_Enabled: 1
  m_EditorHideFlags: 0
  m_Script: {fileID: 11500000, guid: 41fa8641d15406a47a9cbd46ad175fa3, type: 3}
  m_Name: 
  m_EditorClassIdentifier: 
  _tileScript: {fileID: 0}
--- !u!114 &14965340313390665
MonoBehaviour:
  m_ObjectHideFlags: 0
  m_CorrespondingSourceObject: {fileID: 0}
  m_PrefabInstance: {fileID: 0}
  m_PrefabAsset: {fileID: 0}
  m_GameObject: {fileID: 7083733040677952457}
  m_Enabled: 1
  m_EditorHideFlags: 0
  m_Script: {fileID: 11500000, guid: d92d4a64452abc443876e432b1f1b405, type: 3}
  m_Name: 
  m_EditorClassIdentifier: 
  _currentHealth: 0
  _healthBarOffsetZ: 0
--- !u!114 &4802395171489084195
MonoBehaviour:
  m_ObjectHideFlags: 0
  m_CorrespondingSourceObject: {fileID: 0}
  m_PrefabInstance: {fileID: 0}
  m_PrefabAsset: {fileID: 0}
  m_GameObject: {fileID: 7083733040677952457}
  m_Enabled: 1
  m_EditorHideFlags: 0
  m_Script: {fileID: 11500000, guid: 9aa48726aa078184f8c40054f6751a64, type: 3}
  m_Name: 
  m_EditorClassIdentifier: 
  _stats: {fileID: 11400000, guid: 62b0a5d3c868f004d84cd111fd84e8ad, type: 2}
  _AAPhysicalDamage: 0
  _AAMagicDamage: 0
  _AATrueDamage: 0
  _AARange: 0
  _attackSpeed: 0
  _SAPhysicalDamage: 0
  _SAMagicDamage: 0
  _SATrueDamage: 0
  _SAttackSpeed: 0
  _SAHeal: 0
  _SADuration: 0
  _SARange: 0
  _SAManaRegen: 0
  _SAManaPerAttack: 0
  _SAArmor: 0
  _SAResistance: 0
  _manaPerAttack: 0
  _manaRegen: 0
  _moveSpeed: 0
  _health: 0
  _mana: 0
  _armor: 0
  _resistance: 0
  _healing: 0
  _bonusArmor: 0
  _bonusResistance: 0
  _synergyPhysicalDamage: 0
  _synergyMagicDamage: 0
  _synergyTrueDamage: 0
  _synergyHealth: 0
  _synergyHealing: 0
  _synergyArmor: 0
  _synergyResistance: 0
  _synergyGold: 0
  _synergyBuffs: 0
  synergyDebuffs: 0
  _itemBuff: 0
  _itemMagicDmgToMana: 0
  _itemHealing: 0
  _itemTrueDmgMitigation: 0
  _itemArmorPenetration: 0
  _itemResistancePenetration: 0
  _itemPhysicalMaxCrit: 0
  _itemArmor: 0
  _itemResistance: 0
  _itemTrueDamageToHealth: 0
  _hasItem: 0
--- !u!114 &1274901985969274262
MonoBehaviour:
  m_ObjectHideFlags: 0
  m_CorrespondingSourceObject: {fileID: 0}
  m_PrefabInstance: {fileID: 0}
  m_PrefabAsset: {fileID: 0}
  m_GameObject: {fileID: 7083733040677952457}
  m_Enabled: 1
  m_EditorHideFlags: 0
  m_Script: {fileID: 11500000, guid: c6cfa43fcb4526542b8ee57b7ddaa7bf, type: 3}
  m_Name: 
  m_EditorClassIdentifier: 
  _physicalDamageDealt: 0
  _magicDamageDealt: 0
  _trueDamageDealt: 0
--- !u!1 &8807600283507378520
GameObject:
  m_ObjectHideFlags: 0
  m_CorrespondingSourceObject: {fileID: 0}
  m_PrefabInstance: {fileID: 0}
  m_PrefabAsset: {fileID: 0}
  serializedVersion: 6
  m_Component:
  - component: {fileID: 8807600283507378525}
  - component: {fileID: 8807600283507378522}
  - component: {fileID: 8807600283507378523}
  m_Layer: 0
  m_Name: Cylinder
  m_TagString: Untagged
  m_Icon: {fileID: 0}
  m_NavMeshLayer: 0
  m_StaticEditorFlags: 0
  m_IsActive: 1
--- !u!4 &8807600283507378525
Transform:
  m_ObjectHideFlags: 0
  m_CorrespondingSourceObject: {fileID: 0}
  m_PrefabInstance: {fileID: 0}
  m_PrefabAsset: {fileID: 0}
  m_GameObject: {fileID: 8807600283507378520}
  m_LocalRotation: {x: -0, y: -0, z: -0, w: 1}
  m_LocalPosition: {x: -0.078998566, y: 1, z: 0.14916801}
  m_LocalScale: {x: 1, y: 1, z: 1}
  m_ConstrainProportionsScale: 0
  m_Children: []
  m_Father: {fileID: 5758770379911661900}
  m_RootOrder: 0
  m_LocalEulerAnglesHint: {x: 0, y: 0, z: 0}
--- !u!33 &8807600283507378522
MeshFilter:
  m_ObjectHideFlags: 0
  m_CorrespondingSourceObject: {fileID: 0}
  m_PrefabInstance: {fileID: 0}
  m_PrefabAsset: {fileID: 0}
  m_GameObject: {fileID: 8807600283507378520}
  m_Mesh: {fileID: 10206, guid: 0000000000000000e000000000000000, type: 0}
--- !u!23 &8807600283507378523
MeshRenderer:
  m_ObjectHideFlags: 0
  m_CorrespondingSourceObject: {fileID: 0}
  m_PrefabInstance: {fileID: 0}
  m_PrefabAsset: {fileID: 0}
  m_GameObject: {fileID: 8807600283507378520}
  m_Enabled: 1
  m_CastShadows: 1
  m_ReceiveShadows: 1
  m_DynamicOccludee: 1
  m_StaticShadowCaster: 0
  m_MotionVectors: 1
  m_LightProbeUsage: 1
  m_ReflectionProbeUsage: 1
  m_RayTracingMode: 2
  m_RayTraceProcedural: 0
  m_RenderingLayerMask: 1
  m_RendererPriority: 0
  m_Materials:
  - {fileID: 2100000, guid: 5a69cbc2abacb134f9cbdabf2eed0a7b, type: 2}
  m_StaticBatchInfo:
    firstSubMesh: 0
    subMeshCount: 0
  m_StaticBatchRoot: {fileID: 0}
  m_ProbeAnchor: {fileID: 0}
  m_LightProbeVolumeOverride: {fileID: 0}
  m_ScaleInLightmap: 1
  m_ReceiveGI: 1
  m_PreserveUVs: 0
  m_IgnoreNormalsForChartDetection: 0
  m_ImportantGI: 0
  m_StitchLightmapSeams: 1
  m_SelectedEditorRenderState: 3
  m_MinimumChartSize: 4
  m_AutoUVMaxDistance: 0.5
  m_AutoUVMaxAngle: 89
  m_LightmapParameters: {fileID: 0}
  m_SortingLayerID: 0
  m_SortingLayer: 0
  m_SortingOrder: 0
  m_AdditionalVertexStreams: {fileID: 0}
