%YAML 1.1
%TAG !u! tag:unity3d.com,2011:
--- !u!1 &4127078544540303909
GameObject:
  m_ObjectHideFlags: 0
  m_CorrespondingSourceObject: {fileID: 0}
  m_PrefabInstance: {fileID: 0}
  m_PrefabAsset: {fileID: 0}
  serializedVersion: 6
  m_Component:
  - component: {fileID: 4088097950067385333}
  - component: {fileID: 227950889654129994}
  - component: {fileID: 4212872372342208234}
  m_Layer: 0
  m_Name: Cube
  m_TagString: Untagged
  m_Icon: {fileID: 0}
  m_NavMeshLayer: 0
  m_StaticEditorFlags: 0
  m_IsActive: 1
--- !u!4 &4088097950067385333
Transform:
  m_ObjectHideFlags: 0
  m_CorrespondingSourceObject: {fileID: 0}
  m_PrefabInstance: {fileID: 0}
  m_PrefabAsset: {fileID: 0}
  m_GameObject: {fileID: 4127078544540303909}
  m_LocalRotation: {x: -0, y: -0, z: -0, w: 1}
  m_LocalPosition: {x: 0, y: 0.5, z: 0}
  m_LocalScale: {x: 1, y: 1, z: 1}
  m_ConstrainProportionsScale: 0
  m_Children: []
  m_Father: {fileID: 221739682285496060}
  m_RootOrder: 0
  m_LocalEulerAnglesHint: {x: 0, y: 0, z: 0}
--- !u!33 &227950889654129994
MeshFilter:
  m_ObjectHideFlags: 0
  m_CorrespondingSourceObject: {fileID: 0}
  m_PrefabInstance: {fileID: 0}
  m_PrefabAsset: {fileID: 0}
  m_GameObject: {fileID: 4127078544540303909}
  m_Mesh: {fileID: 10202, guid: 0000000000000000e000000000000000, type: 0}
--- !u!23 &4212872372342208234
MeshRenderer:
  m_ObjectHideFlags: 0
  m_CorrespondingSourceObject: {fileID: 0}
  m_PrefabInstance: {fileID: 0}
  m_PrefabAsset: {fileID: 0}
  m_GameObject: {fileID: 4127078544540303909}
  m_Enabled: 1
  m_CastShadows: 1
  m_ReceiveShadows: 1
  m_DynamicOccludee: 1
  m_StaticShadowCaster: 0
  m_MotionVectors: 1
  m_LightProbeUsage: 1
  m_ReflectionProbeUsage: 1
  m_RayTracingMode: 2
  m_RayTraceProcedural: 0
  m_RenderingLayerMask: 1
  m_RendererPriority: 0
  m_Materials:
  - {fileID: 2100000, guid: df4475c9821bc464eb89f245a6374d9a, type: 2}
  m_StaticBatchInfo:
    firstSubMesh: 0
    subMeshCount: 0
  m_StaticBatchRoot: {fileID: 0}
  m_ProbeAnchor: {fileID: 0}
  m_LightProbeVolumeOverride: {fileID: 0}
  m_ScaleInLightmap: 1
  m_ReceiveGI: 1
  m_PreserveUVs: 0
  m_IgnoreNormalsForChartDetection: 0
  m_ImportantGI: 0
  m_StitchLightmapSeams: 1
  m_SelectedEditorRenderState: 3
  m_MinimumChartSize: 4
  m_AutoUVMaxDistance: 0.5
  m_AutoUVMaxAngle: 89
  m_LightmapParameters: {fileID: 0}
  m_SortingLayerID: 0
  m_SortingLayer: 0
  m_SortingOrder: 0
  m_AdditionalVertexStreams: {fileID: 0}
--- !u!1 &4874622490137873473
GameObject:
  m_ObjectHideFlags: 0
  m_CorrespondingSourceObject: {fileID: 0}
  m_PrefabInstance: {fileID: 0}
  m_PrefabAsset: {fileID: 0}
  serializedVersion: 6
  m_Component:
  - component: {fileID: 221739682285496060}
  - component: {fileID: 104215506974463320}
  - component: {fileID: 899219257968261011}
  - component: {fileID: 1043228228735186953}
  - component: {fileID: 2310662826433919975}
  - component: {fileID: 8771045972805830425}
  - component: {fileID: 8463238833660227499}
  - component: {fileID: 4039151574221386851}
  - component: {fileID: -769831707230781889}
  m_Layer: 0
  m_Name: King - 1 Star
  m_TagString: Untagged
  m_Icon: {fileID: 0}
  m_NavMeshLayer: 0
  m_StaticEditorFlags: 0
  m_IsActive: 1
--- !u!4 &221739682285496060
Transform:
  m_ObjectHideFlags: 0
  m_CorrespondingSourceObject: {fileID: 0}
  m_PrefabInstance: {fileID: 0}
  m_PrefabAsset: {fileID: 0}
  m_GameObject: {fileID: 4874622490137873473}
  m_LocalRotation: {x: 0, y: 0, z: 0, w: 1}
  m_LocalPosition: {x: -38.590775, y: 2.4400206, z: 25.00662}
  m_LocalScale: {x: 1, y: 1, z: 1}
  m_ConstrainProportionsScale: 0
  m_Children:
  - {fileID: 4088097950067385333}
  m_Father: {fileID: 0}
  m_RootOrder: 0
  m_LocalEulerAnglesHint: {x: 0, y: 0, z: 0}
--- !u!114 &104215506974463320
MonoBehaviour:
  m_ObjectHideFlags: 0
  m_CorrespondingSourceObject: {fileID: 0}
  m_PrefabInstance: {fileID: 0}
  m_PrefabAsset: {fileID: 0}
  m_GameObject: {fileID: 4874622490137873473}
  m_Enabled: 1
  m_EditorHideFlags: 0
  m_Script: {fileID: 11500000, guid: 6a20e0b9b13d82a499600ea94987c640, type: 3}
  m_Name: 
  m_EditorClassIdentifier: 
  _target: {fileID: 0}
--- !u!114 &899219257968261011
MonoBehaviour:
  m_ObjectHideFlags: 0
  m_CorrespondingSourceObject: {fileID: 0}
  m_PrefabInstance: {fileID: 0}
  m_PrefabAsset: {fileID: 0}
  m_GameObject: {fileID: 4874622490137873473}
  m_Enabled: 1
  m_EditorHideFlags: 0
  m_Script: {fileID: 11500000, guid: 26501a8c9dc58d7498285032e0059303, type: 3}
  m_Name: 
  m_EditorClassIdentifier: 
  usingAnimations: 0
  _attackTriggerString: Attack 1
  _attacking: 0
  _readyToAttack: 0
  _projectileSpawnTransform: {fileID: 0}
--- !u!114 &1043228228735186953
MonoBehaviour:
  m_ObjectHideFlags: 0
  m_CorrespondingSourceObject: {fileID: 0}
  m_PrefabInstance: {fileID: 0}
  m_PrefabAsset: {fileID: 0}
  m_GameObject: {fileID: 4874622490137873473}
  m_Enabled: 1
  m_EditorHideFlags: 0
  m_Script: {fileID: 11500000, guid: 393c3a07acfea3d43b9b443db342a5d4, type: 3}
  m_Name: 
  m_EditorClassIdentifier: 
  usingAnimations: 0
  _movementBoolString: Moving
  _currentTile: {fileID: 0}
  _gridPosition: {x: 0, y: 0}
  _desiredPosition: {x: 0, y: 0, z: 0}
--- !u!114 &2310662826433919975
MonoBehaviour:
  m_ObjectHideFlags: 0
  m_CorrespondingSourceObject: {fileID: 0}
  m_PrefabInstance: {fileID: 0}
  m_PrefabAsset: {fileID: 0}
  m_GameObject: {fileID: 4874622490137873473}
  m_Enabled: 1
  m_EditorHideFlags: 0
  m_Script: {fileID: 11500000, guid: c984e4b33687f14488503eaaddc7046d, type: 3}
  m_Name: 
  m_EditorClassIdentifier: 
  _isDead: 0
  _isPlayer: 0
  _inCombat: 0
  _goldWorth: 0
--- !u!114 &8771045972805830425
MonoBehaviour:
  m_ObjectHideFlags: 0
  m_CorrespondingSourceObject: {fileID: 0}
  m_PrefabInstance: {fileID: 0}
  m_PrefabAsset: {fileID: 0}
  m_GameObject: {fileID: 4874622490137873473}
  m_Enabled: 1
  m_EditorHideFlags: 0
  m_Script: {fileID: 11500000, guid: 41fa8641d15406a47a9cbd46ad175fa3, type: 3}
  m_Name: 
  m_EditorClassIdentifier: 
  _tileScript: {fileID: 0}
--- !u!114 &8463238833660227499
MonoBehaviour:
  m_ObjectHideFlags: 0
  m_CorrespondingSourceObject: {fileID: 0}
  m_PrefabInstance: {fileID: 0}
  m_PrefabAsset: {fileID: 0}
  m_GameObject: {fileID: 4874622490137873473}
  m_Enabled: 1
  m_EditorHideFlags: 0
  m_Script: {fileID: 11500000, guid: d92d4a64452abc443876e432b1f1b405, type: 3}
  m_Name: 
  m_EditorClassIdentifier: 
  _currentHealth: 0
  _healthBarOffsetZ: 0
--- !u!114 &4039151574221386851
MonoBehaviour:
  m_ObjectHideFlags: 0
  m_CorrespondingSourceObject: {fileID: 0}
  m_PrefabInstance: {fileID: 0}
  m_PrefabAsset: {fileID: 0}
  m_GameObject: {fileID: 4874622490137873473}
  m_Enabled: 1
  m_EditorHideFlags: 0
  m_Script: {fileID: 11500000, guid: 9aa48726aa078184f8c40054f6751a64, type: 3}
  m_Name: 
  m_EditorClassIdentifier: 
  _stats: {fileID: 11400000, guid: 259903a8952125a49a9166c8ee799376, type: 2}
  _AAPhysicalDamage: 0
  _AAMagicDamage: 0
  _AATrueDamage: 0
  _AARange: 0
  _attackSpeed: 0
  _SAPhysicalDamage: 0
  _SAMagicDamage: 0
  _SATrueDamage: 0
  _SAttackSpeed: 0
  _SAHeal: 0
  _SADuration: 0
  _SARange: 0
  _SAManaRegen: 0
  _SAManaPerAttack: 0
  _SAArmor: 0
  _SAResistance: 0
  _manaPerAttack: 0
  _manaRegen: 0
  _moveSpeed: 0
  _health: 0
  _mana: 0
  _armor: 0
  _resistance: 0
  _healing: 0
  _bonusArmor: 0
  _bonusResistance: 0
  _synergyPhysicalDamage: 0
  _synergyMagicDamage: 0
  _synergyTrueDamage: 0
  _synergyHealth: 0
  _synergyHealing: 0
  _synergyArmor: 0
  _synergyResistance: 0
  _synergyGold: 0
  _synergyBuffs: 0
  synergyDebuffs: 0
  _itemBuff: 0
  _itemMagicDmgToMana: 0
  _itemHealing: 0
  _itemTrueDmgMitigation: 0
  _itemArmorPenetration: 0
  _itemResistancePenetration: 0
  _itemPhysicalMaxCrit: 0
  _itemArmor: 0
  _itemResistance: 0
  _itemTrueDamageToHealth: 0
  _hasItem: 0
--- !u!114 &-769831707230781889
MonoBehaviour:
  m_ObjectHideFlags: 0
  m_CorrespondingSourceObject: {fileID: 0}
  m_PrefabInstance: {fileID: 0}
  m_PrefabAsset: {fileID: 0}
  m_GameObject: {fileID: 4874622490137873473}
  m_Enabled: 1
  m_EditorHideFlags: 0
  m_Script: {fileID: 11500000, guid: c6cfa43fcb4526542b8ee57b7ddaa7bf, type: 3}
  m_Name: 
  m_EditorClassIdentifier: 
  _physicalDamageDealt: 0
  _magicDamageDealt: 0
  _trueDamageDealt: 0
